@article{Patney:Towards,
 author = {Patney, Anjul and Salvi, Marco and Kim, Joohwan and Kaplanyan, Anton and Wyman, Chris and Benty, Nir and Luebke, David and Lefohn, Aaron},
 title = {Towards Foveated Rendering for Gaze-tracked Virtual Reality},
 journal = {ACM Trans. Graph.},
 issue_date = {November 2016},
 volume = {35},
 number = {6},
 month = nov,
 year = {2016},
 issn = {0730-0301},
 pages = {179:1--179:12},
 articleno = {179},
 numpages = {12},
 url = {http://doi.acm.org.ezproxy.morris.umn.edu/10.1145/2980179.2980246},
 doi = {10.1145/2980179.2980246},
 acmid = {2980246},
 publisher = {ACM},
 address = {New York, NY, USA},
 keywords = {foveated rendering, gaze-tracking, perception, virtual reality},
}

@inproceedings{Pai:GazeSim,
 author = {Pai, Yun Suen and Tag, Benjamin and Outram, Benjamin and Vontin, Noriyasu and Sugiura, Kazunori and Kunze, Kai},
 title = {GazeSim: Simulating Foveated Rendering Using Depth in Eye Gaze for VR},
 booktitle = {ACM SIGGRAPH 2016 Posters},
 series = {SIGGRAPH '16},
 year = {2016},
 isbn = {978-1-4503-4371-8},
 location = {Anaheim, California},
 pages = {75:1--75:2},
 articleno = {75},
 numpages = {2},
 url = {http://doi.acm.org.ezproxy.morris.umn.edu/10.1145/2945078.2945153},
 doi = {10.1145/2945078.2945153},
 acmid = {2945153},
 publisher = {ACM},
 address = {New York, NY, USA},
 keywords = {depth of field, eye gaze, foveated rendering, virtual reality},
}

@article{Guenter:Foveated,
 author = {Guenter, Brian and Finch, Mark and Drucker, Steven and Tan, Desney and Snyder, John},
 title = {Foveated 3D Graphics},
 journal = {ACM Trans. Graph.},
 issue_date = {November 2012},
 volume = {31},
 number = {6},
 month = nov,
 year = {2012},
 issn = {0730-0301},
 pages = {164:1--164:10},
 articleno = {164},
 numpages = {10},
 url = {http://doi.acm.org.ezproxy.morris.umn.edu/10.1145/2366145.2366183},
 doi = {10.1145/2366145.2366183},
 acmid = {2366183},
 publisher = {ACM},
 address = {New York, NY, USA},
 keywords = {antialiasing, eccentricity, minimum angle of resolution (MAR), multiresolution gaze-contingent display (MGCD)},
}

@inproceedings{Swafford:User,
 author = {Swafford, Nicholas T. and Iglesias-Guitian, Jos{\'e} A. and Koniaris, Charalampos and Moon, Bochang and Cosker, Darren and Mitchell, Kenny},
 title = {User, Metric, and Computational Evaluation of Foveated Rendering Methods},
 booktitle = {Proceedings of the ACM Symposium on Applied Perception},
 series = {SAP '16},
 year = {2016},
 isbn = {978-1-4503-4383-1},
 location = {Anaheim, California},
 pages = {7--14},
 numpages = {8},
 url = {http://doi.acm.org.ezproxy.morris.umn.edu/10.1145/2931002.2931011},
 doi = {10.1145/2931002.2931011},
 acmid = {2931011},
 publisher = {ACM},
 address = {New York, NY, USA},
 keywords = {foveated rendering, perception, virtual reality},
}

@article{Albert:Latency,
 author = {Albert, Rachel and Patney, Anjul and Luebke, David and Kim, Joohwan},
 title = {Latency Requirements for Foveated Rendering in Virtual Reality},
 journal = {ACM Trans. Appl. Percept.},
 issue_date = {September 2017},
 volume = {14},
 number = {4},
 month = sep,
 year = {2017},
 issn = {1544-3558},
 pages = {25:1--25:13},
 articleno = {25},
 numpages = {13},
 url = {http://doi.acm.org.ezproxy.morris.umn.edu/10.1145/3127589},
 doi = {10.1145/3127589},
 acmid = {3127589},
 publisher = {ACM},
 address = {New York, NY, USA},
 keywords = {Foveated rendering, eye-tracking, latency},
}

@inproceedings{Loschky:User,
 author = {Loschky, Lester C. and McConkie, George W.},
 title = {User Performance with Gaze Contingent Multiresolutional Displays},
 booktitle = {Proceedings of the 2000 Symposium on Eye Tracking Research \& Applications},
 series = {ETRA '00},
 year = {2000},
 isbn = {1-58113-280-8},
 location = {Palm Beach Gardens, Florida, USA},
 pages = {97--103},
 numpages = {7},
 url = {http://doi.acm.org.ezproxy.morris.umn.edu/10.1145/355017.355032},
 doi = {10.1145/355017.355032},
 acmid = {355032},
 publisher = {ACM},
 address = {New York, NY, USA},
 keywords = {bandwidth, dual-resolution displays, eye movements, eyetracking, multiresolutional displays, peripheral vision, visual perception, wavelets},
}

@inproceedings{Thibos:Image,
 author = { Larry N. Thibos},
 title = {Image Processing by the Human Eye},
 journal = {Proc.SPIE},
 volume = {1199},
 number = {},
 pages = {1199 - 1199 - 6},
 year = {1989},
 doi = {10.1117/12.970124},
 URL = {http://dx.doi.org/10.1117/12.970124},
}

@article{Levoy:Gaze,
 author = {Levoy, Marc and Whitaker, Ross},
 title = {Gaze-directed Volume Rendering},
 journal = {SIGGRAPH Comput. Graph.},
 issue_date = {Mar. 1990},
 volume = {24},
 number = {2},
 month = feb,
 year = {1990},
 issn = {0097-8930},
 pages = {217--223},
 numpages = {7},
 url = {http://doi.acm.org.ezproxy.morris.umn.edu/10.1145/91394.91449},
 doi = {10.1145/91394.91449},
 acmid = {91449},
 publisher = {ACM},
 address = {New York, NY, USA},
}

  
@misc{Verge:Adi,
  author = "Adi Robertson",
  title = "The HTC Vive will track eye movement with a 220 upgrade kit",
  year = "2017",
  url = "https://www.theverge.com/2017/5/1/15503932/htc-vive-x-7invensun-aglass-eye-tracking-upgrade",
  note = "[Online; accessed 10-October-2017]"
}

@misc{Tom:derek,
  author = "Derek Forrest",
  title = "Tobiiâ€™s Integrated VR HMD Eye Tracking: Hands-On",
  year = "2017",
  url = "http://www.tomshardware.com/news/tobii-eye-tracking-htc-vive,33796.html",
  note = "[Online; accessed 8-October-2017]"
}
